<record><leader>02505cam a2200433 i 4500</leader><controlfield tag="001">6677706</controlfield><controlfield tag="003">FlBoTFG</controlfield><controlfield tag="005">20140910124938.0</controlfield><controlfield tag="006">m    ||  d |      </controlfield><controlfield tag="007">cr |||</controlfield><controlfield tag="008">140910t20152015fluad   ob    001 0 eng d</controlfield><datafield ind1=" " ind2=" " tag="020"><subfield code="a">9781439838211 (e-book : PDF)</subfield></datafield><datafield ind1=" " ind2=" " tag="035"><subfield code="a">ocn889264301</subfield></datafield><datafield ind1=" " ind2=" " tag="039"><subfield code="a">exclude</subfield></datafield><datafield ind1=" " ind2=" " tag="040"><subfield code="a">FlBoTFG</subfield><subfield code="b">eng</subfield><subfield code="c">FlBoTFG</subfield><subfield code="e">rda</subfield><subfield code="d">AEU</subfield></datafield><datafield ind1=" " ind2="4" tag="050"><subfield code="a">QA279.7</subfield><subfield code="b">.T37 2015</subfield></datafield><datafield ind1="0" ind2=" " tag="082"><subfield code="a">519.54</subfield><subfield code="b">T193</subfield></datafield><datafield ind1=" " ind2=" " tag="090"><subfield code="a">Internet Access</subfield><subfield code="b">AEU</subfield></datafield><datafield ind1="1" ind2=" " tag="100"><subfield code="a">Tartakovsky, Alexander,</subfield><subfield code="e">author.</subfield></datafield><datafield ind1="1" ind2="0" tag="245"><subfield code="a">Sequential analysis :</subfield><subfield code="b">hypothesis testing and changepoint detection /</subfield><subfield code="c">Alexander Tartakovsky, University of Connecticut Storrs, USA ; Igor Nikiforov, Universit&#233; de Technologie de Troyes, France ; Mich&#232;le Basseville CNRS &amp; IRISA Rennes, France.</subfield></datafield><datafield ind1=" " ind2="1" tag="264"><subfield code="a">Boca Raton :</subfield><subfield code="b">CRC Press,</subfield><subfield code="c">[2015]</subfield></datafield><datafield ind1=" " ind2="4" tag="264"><subfield code="c">&#169;2015</subfield></datafield><datafield ind1=" " ind2=" " tag="300"><subfield code="a">1 online resource :</subfield><subfield code="b">text file, PDF</subfield></datafield><datafield ind1=" " ind2=" " tag="336"><subfield code="a">text</subfield><subfield code="2">rdacontent</subfield></datafield><datafield ind1=" " ind2=" " tag="337"><subfield code="a">computer</subfield><subfield code="2">rdamedia</subfield></datafield><datafield ind1=" " ind2=" " tag="338"><subfield code="a">online resource</subfield><subfield code="2">rdacarrier</subfield></datafield><datafield ind1="1" ind2=" " tag="490"><subfield code="a">Chapman &amp; Hall/CRC monographs on statistics &amp; applied probability ;</subfield><subfield code="v">136</subfield></datafield><datafield ind1=" " ind2=" " tag="504"><subfield code="a">Includes bibliographical references (pages 347-574) and index.</subfield></datafield><datafield ind1="0" ind2=" " tag="505"><subfield code="a">1. Motivation for the sequential approach and selected applications -- 2. Background on probability and statistics -- 3. Sequential hypothesis testing : two simple hypotheses -- 4. Sequential hypothesis testing : multiple simple hypotheses -- 5. Sequential hypothesis testing : composite hypotheses -- 6. Statistical models with changes : problem formulations and optimality criteria -- 7. Sequential changepoint detection : Bayesian approach -- 8. Sequential change detection : non-Bayesian approaches -- 9. Multichart changepoint detection procedures for composite hypotheses and multipopulation models -- 10. Sequential change detection and isolation -- 11. Selected applications.</subfield></datafield><datafield ind1=" " ind2=" " tag="506"><subfield code="a">Access restricted to authorized users and institutions.</subfield></datafield><datafield ind1=" " ind2=" " tag="596"><subfield code="a">44</subfield></datafield><datafield ind1=" " ind2="0" tag="650"><subfield code="a">Sequential analysis.</subfield></datafield><datafield ind1=" " ind2="0" tag="650"><subfield code="a">Mathematical statistics.</subfield></datafield><datafield ind1="1" ind2=" " tag="700"><subfield code="a">Nikiforov, I. V.</subfield><subfield code="q">(Igor&#697; Vladimirovich),</subfield><subfield code="e">author.</subfield></datafield><datafield ind1="1" ind2=" " tag="700"><subfield code="a">Basseville, M.</subfield><subfield code="q">(Mich&#232;le),</subfield><subfield code="d">1952- ,</subfield><subfield code="e">author.</subfield></datafield><datafield ind1=" " ind2="0" tag="830"><subfield code="a">Monographs on statistics and applied probability (Series) ;</subfield><subfield code="v">136.</subfield></datafield><datafield ind1="4" ind2="0" tag="856"><subfield code="3">University of Alberta Access</subfield><subfield code="u">http://marc.crcnetbase.com/isbn/9781439838211</subfield><subfield code="z">(Unlimited Concurrent Users)</subfield></datafield><datafield ind1=" " ind2=" " tag="949"><subfield code="h">UAIN</subfield><subfield code="z">CRC</subfield></datafield><datafield ind1=" " ind2=" " tag="926"><subfield code="a">Internet Access</subfield><subfield code="w">LC</subfield><subfield code="c">1</subfield><subfield code="i">6677706-1001</subfield><subfield code="l">INTERNET</subfield><subfield code="m">UAINTERNET</subfield><subfield code="r">Y</subfield><subfield code="s">Y</subfield><subfield code="t">E-RESOURCE</subfield><subfield code="u">9/15/2014</subfield><subfield code="x">E-BOOK</subfield><subfield code="z">CRC</subfield></datafield></record>